@book{ Johnson ,
author = "Claes Johnson",
title = "Numerical Solution of Partial Differential Equations by the Finite Element Method",
publisher = "Dover Publications",
year = "2008"}

@book{ Teachlet ,
title = "Efficient evaluation of weak forms in discontinuous Galerkin methods",}

@book{ Kolda ,
author = "Tamara Kolda, Brett Bader",
title = "Tensor Decompositions and Applications",
publisher = "SIAM",
year = "2009"}

@book{ Kronbichler ,
author = "Martin Kronbichler, Katharina Kormann",
title = "A generic interface for parallel cell-based finite element operator application",
publisher = "Elsevier",
year="2012"}

@book{ Numerik ,
author = "Christian Großmann, Hans-Görg Roos",
title= "Numerische Behandlung partieller Differentialgleichungen",
publisher="Teubner",
year="2005"}

@book{ Kanschat,
author = "Prof. Dr. Kanschat",
title = "Numerik für partielle Differentialgleichungen Vorlesungsaufschrieb",
year="2017"}

@book{ Rannacher ,
author = "Prof. Dr. Rannacher",
title = "Einführung in die Numerische Mathematik Vorlesungsskriptum",
year="2005"}

@book{ Multilinear ,
author="Tamara Kolda",
title="Multilinear operators for higher-order
decompositions",
year="2006"}

@book { SVD ,
author="Alan Frieze, Ravi Kannan, Santosh Vempala",
title="Fast Monte-Carlo Algorithms for finding Low-Rank Approximations",
year="2009"}

@book{ Sum ,
author="Kenneth S. Miller",
title="On the Inverse of the Sum of Matrices",
year="1981"}

@book{ Kronecker ,
author="Charles F. Van Loan",
title="The ubiquitous Kronecker product",
year="1999"}

@book { Lyapunov ,
author="Carl Christian Kjelgaard Mikkelsen",
title="Numerical Methods for large Lyapunov Equations",
year="2009"}

@book { Bartels ,
author="Danny Sorensen und Yunkai Zhou",
title="Direct Methods for Matrix Sylvester and Lyapunov Gleichungen",
year="2003"}
